@article{vierti,
 author = {Ghahramani, Zoubin},
 title = {Learning Dynamic Bayesian Networks},
 booktitle = {Adaptive Processing of Sequences and Data Structures, International Summer School on Neural Networks, "E.R. Caianiello"-Tutorial Lectures},
 year = {1998},
 isbn = {3-540-64341-9},
 pages = {168--197},
 numpages = {30},
 url = {http://dl.acm.org/citation.cfm?id=647638.733212},
 acmid = {733212},
 publisher = {Springer-Verlag},
 address = {London, UK},
} 

@book{tech,
 author = {Kouemou, Guy and Dymarski, Przemyslaw},
 title = {Hidden Markov Models, Theory and Applications},
 year = {2011},
 publisher = {InTech},
} 

@MISC{bell,
    author = {Jianying Hu and William Turin and Michael K. Brown},
    title = {Language Modeling With Stochastic Automata},
    year = {1996}
}

@MISC{dm,
author = {Andersson, Anders},
title = {The Markov property },
month = jan,
year = {2000},
url = {http://www.sics.se/~aeg/report/node12.html}
}
@MISC{val,
    author = {David Haussler},
    title = {Part 1: Overview of the Probably Approximately Correct (PAC) Learning Framework},
    year = {1995}
}
